@ARTICLE{ethernet,
author={},
journal={IEEE Std 802.3-2015 (Revision of IEEE Std 802.3-2012)},
title= "{IEEE} Standard for Ethernet",
year={2016},
volume={},
number={},
keywords={IEEE standards;carrier sense multiple access;local area networks;metropolitan area networks;optical cables;CSMA-CD;Ethernet local area network operation;IEEE Standard;IEEE Std 802.3-2012;IEEE Std 802.3TM-2015;LAN operation;MAC protocol;MAC specification;MIB;carrier sense multiple access;collision detection;electrical backplane;fiber optic cable;full duplex operation;half duplex operation;management information base;media access control specification;metropolitan area network application;multisegment shared access network;physical layer device;speed specific MII;speed specific media independent interface;twisted pair PHY type;Ethernet;IEEE 802.3 Standard;IEEE Standards;Passive optical networks;Synchronization;Time measurement;10 Gigabit Ethernet;100 Gigabit Ethernet;1000BASE;100BASE;100GBASE;10BASE;10GBASE;40 Gigabit Ethernet;40GBASE;AUI;Auto Negotiation;Backplane Ethernet;DTE Power via the MDI;EPON;Ethernet;Ethernet in the First Mile;Ethernet passive optical network;Fast Ethernet;GMII;Gigabit Ethernet;IEEE 802.3(TM);MDI;MIB;MII;PHY;PMA;Physical Layer;Power over Ethernet;VLAN TAG;XGMII;attachment unit interface;data processing;information exchange;local area network;management;media independent interface;medium dependent interface;physical coding sublayer;physical medium attachment;repeater;type field},
doi={10.1109/IEEESTD.2016.7428776},
ISSN={},
month={3},}
