@online{ linux-kernel,
	title = {Linux kernel source tree},
	author = {Linus Torvalds},
	url = {https://git.kernel.org/pub/scm/linux/kernel/git/torvalds/linux.git/commit/?h=v4.16},
	urldate = {2018-04-02},
}

@online{ net-next,
	title = {The net-next tree of Linux kernel},
	author = {David Miller},
	url = {https://git.kernel.org/pub/scm/linux/kernel/git/davem/net-next.git/},
	urldate = {2018-05-03},
}

@online{ lf-toe,
	title = {TCP Offload Engine},
	author = {Linux Foundation},
	url = {https://wiki.linuxfoundation.org/networking/toe},
	urldate = {2018-03-23},
}

@online{ linux-rfs,
	title = {rfs: Receive Flow Steering},
	author = {Tom Herbert},
	url = {https://lwn.net/Articles/381955/},
	urldate = {2018-04-19},
	date = {2010-04-01},
}

@online {linux-tc-clsact,
	title = {net, sched: add clsact qdisc},
	author = {Daniel Borkmann},
	url = {https://lwn.net/Articles/671458/},
	urldate = {2018-04-22},
	date = {2016-01-07},
}

@online {linux-hw-qos,
	title = {net: implement mechanism for HW based QOS},
	author = {John Fastabend},
	url = {https://lwn.net/Articles/420509/},
	urldate = {2018-04-22},
	date = {2010-12-17},
}

@online {linux-shared-blocks,
	title = {net: sched: allow qdiscs to share filter block instances},
	author = {Jiří Pírko},
	url = {https://lwn.net/Articles/743391/},
	urldate = {2018-04-22},
	date = {2018-01-06},
}

@online{linux-lco,
	title = {Local Checksum Offload},
	author = {Edward Cree},
	url = {https://lwn.net/Articles/671457/},
	urldate = {2018-04-23},
	date = {2016-01-07},
}

@book{lkn-iat,
	title = {{Linux Kernel Networking}: {Implementation and Theory}},
	author = {Rami Rosen},
	isbn = {978-1-4302-6196-4},
	publisher = {\break Apress},
	year = {2014},
	doi = {10.1007/978-1-4302-6197-1},
}

@article{bpf-usenix,
	title = {{The BSD Packet Filter}: {A New Architecture for User-level Packet Capture}},
	author = "Steven McCanne and Van Jacobson",
	date = {1992-12-19},
}

@online{flow-api,
	title = {A Flow API for Linux Hardware Devices},
	author = {John Fastabend},
	url = {http://people.netfilter.org/pablo/netdev0.1/papers/A-Flow-API-for-Linux-Hardware-Devices.pdf},
	urldate = {2018-05-01},
}

@online{flowtables,
	title = {Flow offload infrastructure},
	author = {Pablo Neira Ayuso},
	url = {https://lwn.net/Articles/738214/},
	urldate = {2018-05-01},
}

@inproceedings{diffserv-linux,
	author={W. Almesberger and J. H. Salim and A. Kuznetsov},
	booktitle={Global Telecommunications Conference, 1999. GLOBECOM '99},
	title={Differentiated services on Linux},
	year={1999},
	volume={1B},
	number={},
	doi={10.1109/GLOCOM.1999.830189},
}
