@manual{XL710,
	title = {Intel Ethernet Controller XL710/XXV710/XL710 Datasheet},
	author = {{Intel Corporation}},
	shortauthor = {Intel Corp.},
	version = {3.5},
	pagination = {section},
	%url = {https://www.intel.com/content/dam/www/public/us/en/documents/datasheets/xl710-10-40-controller-datasheet.pdf},
}

@manual{82599,
	title = {Intel 82599 10 GbE Controller Datasheet},
	author = {{Intel Corporation}},
	shortauthor = {Intel Corp.},
	version = {3.3},
	pagination = {section},
	%url = {https://www.intel.com/content/dam/www/public/us/en/documents/datasheets/82599-10-gbe-controller-datasheet.pdf},
}

@manual{mlx-prm,
	title = {Mellanox Adapters Programmer’s Reference Manual},
	author = {{Mellanox Technologies}},
	shortauthor = {Mellanox},
	version = {0.40},
	pagination = {section},
	%url = {http://www.mellanox.com/related-docs/user_manuals/Ethernet_Adapters_Programming_Manual.pdf},
}

@manual{mlx5-pb,
	title = {ConnectX-5 EN IC: Product Brief},
	author = {{Mellanox Technologies}},
	shortauthor = {Mellanox},
	version = {1.2},
}

@online{lwn-mlx-sriov,
	title = {Introducing ConnectX-4 Ethernet SRIOV},
	author = {Or Gerlitz},
	url = {https://lwn.net/Articles/666180/},
	urldate = {2018-04-07},
	date = {2015-11-23},
}

@manual{chelsio-uw,
	title = {Chelsio Unified Wire for Linux},
	author = {{Chelsio Communications}},
	shortauthor = {Chelsio},
	version = {1.3.9},
}

@manual{chelsio-t6,
	title = {The Chelsio Terminator 6 ASIC},
	author = {{Chelsio Communications}},
	shortauthor = {Chelsio},
}

@manual{nfp-4k-too,
	title = {{NFP-4000 Theory of Operation}},
	author = {{Netronome Systems}},
	url = {https://www.netronome.com/media/documents/WP_NFP4000_TOO.pdf},
	urldate = {2018-03-24},
}

@manual{nfp-prm,
	title = {{Programming Netronome Agilio® SmartNICs}},
	author = {{Netronome Systems}},
	url = {https://www.netronome.com/media/documents/WP_NFP_Programming_Model.pdf},
	urldate = {2018-03-24},
}

@manual{nfp-micro-c,
	title = {{The Joy of Micro-C}},
	author = {{Stuart Wray}},
	url = {https://open-nfp.org/m/documents/the-joy-of-micro-c_fcjSfra.pdf},
	urldate = {2018-03-24},
}

@online{NDIS,
	title = {Network Driver Design Guide},
	author = {Microsoft},
	url = {https://docs.microsoft.com/en-us/windows-hardware/drivers/network/},
	date = {2017-04-11},
	urldate = {2018-03-23},
}

@article{P4,
 author = {Bosshart, Pat and Daly, Dan and Gibb, Glen and Izzard, Martin and McKeown, Nick and Rexford, Jennifer and Schlesinger, Cole and Talayco, Dan and Vahdat, Amin and Varghese, George and Walker, David},
 title = {P4: Programming Protocol-independent Packet Processors},
 journal = {SIGCOMM Comput. Commun. Rev.},
 issue_date = {July 2014},
 volume = {44},
 number = {3},
 month = jul,
 year = {2014},
 issn = {0146-4833},
 pages = {87--95},
 numpages = {9},
 doi = {10.1145/2656877.2656890},
 acmid = {2656890},
 publisher = {ACM},
 address = {New York, NY, USA},
 keywords = {p4, protocol-independent, reconfigurability, sdn},
}

@manual{openflow,
	title = {OpenFlow Switch Specification},
	author = {Open Networking Foundation},
	version = "1.5.1",
	%date = {2015-03-26},
}

