@manual{RFC079c1,
  day =          "1",
  month =        9,
	doi =		{10.17487/RFC0791},
  year =         "1981",
  bibdate =      "Fri Jan 22 16:41:10 1999",
  bibsource =    "http://www.math.utah.edu/pub/tex/bib/rfc.bib",
  note =         "Status: STANDARD.",
  URL =          "ftp://ftp.internic.net/rfc/rfc791.txt",
  format =       "TXT=97779 bytes",
  obsoletes =    "Obsoletes RFC0760 \cite{RFC0760}.",
  online =       "yes",
  seealso =      "See also STD0005 \cite{STD0005}.",
  status =       "STANDARD",
}

@manual{RFC0791,
	author =       "J. Postel",
	doi =		{10.17487/RFC0791},
	title = "{RFC 791}: {Internet Protocol}",
	year =		1981,
	month =		sep,
}


@manual{RFC2460,
  author =       "S. Deering and R. Hinden",
  title =        "{RFC 2460}: {Internet Protocol, Version 6 (IPv6)}
                 Specification",
  month =        dec,
  year =         "1998",
  doi = {10.17487/RFC2460},
}

@manual{ietf-nvo3-geneve-06,
	type =		{Internet-Draft},
	title =		{{Geneve: Generic Network Virtualization Encapsulation}},
	author =	{Jesse Gross and Ilango Ganga and T. Sridhar},
	url =		{https://datatracker.ietf.org/doc/html/draft-ietf-nvo3-geneve-06},
}

@manual{RFC6864,
	title =		"{RFC 6864}: {Updated Specification of the IPv4 ID Field}",
	author =	{Dr. Joseph D. Touch},
	year =		2013,
	month =		feb,
	doi =		{10.17487/RFC6864},
}

